<collection>
  <record>
    <controlfield tag="001">352</controlfield>
    <datafield tag="110" ind1=" " ind2=" ">
      <subfield code="a">ATLAS collaboration</subfield>
    </datafield>
    <datafield tag="245" ind1=" " ind2=" ">
      <subfield code="a">ATLAS WPath 2015 Masterclass MINERVA Software</subfield>
    </datafield>
    <datafield tag="256" ind1=" " ind2=" ">
      <subfield code="a">Software</subfield>
      <subfield code="f">2</subfield>
      <subfield code="t">files</subfield>
    </datafield>
    <datafield tag="256" ind1=" " ind2=" ">
      <subfield code="b">281283281</subfield>
      <subfield code="t">bytes in total</subfield>
    </datafield>
    <datafield tag="260" ind1=" " ind2=" ">
      <subfield code="b">CERN Open Data Portal</subfield>
      <subfield code="c">2016</subfield>
    </datafield>
    <datafield tag="516" ind1=" " ind2=" ">
      <subfield code="a">The event displays prepared for the Masterclasses W-Path.</subfield>
    </datafield>
    <datafield tag="520" ind1=" " ind2=" ">
      <subfield code="a">This java-based program can be used to view the event displays prepared for the Masterclasses W-Path.
The package also includes dataset 2 of the 2015 Masterclasses W-Path datasets. (for Minerva version with dataset 2 only)</subfield>
    </datafield>
   <datafield tag="538" ind1=" " ind2=" ">
      <subfield code="i">This program is written in Java and based on the event display ATLANTIS. All you need is an up to date java installation and some event display files.</subfield>
    </datafield>
    <datafield tag="581" ind1=" " ind2=" ">
      <subfield code="a">Download and unzip it. Use either the appropriate executable for your system (e.g. MINERVA_Windows.bat) or start using the java command manually.</subfield>
    </datafield>
    <datafield tag="653" ind1="1" ind2=" ">
      <subfield code="a">Masterclass</subfield>
    </datafield>
    <datafield tag="653" ind1="1" ind2=" ">
      <subfield code="a">ATLAS</subfield>
    </datafield>
    <datafield tag="693" ind1="1" ind2=" ">
      <subfield code="a">CERN-LHC</subfield>
      <subfield code="e">ATLAS</subfield>
    </datafield>
    <datafield tag="856" ind1="7" ind2=" ">
      <subfield code="2">xrootd</subfield>
      <subfield code="u">root://eospublic.cern.ch//eos/opendata/atlas/MasterclassDatasets/WPath/2015/Software/Minerva2015-dataset2.zip</subfield>
      <subfield code="s">261167642</subfield>
    </datafield>
    <datafield tag="856" ind1="7" ind2=" ">
      <subfield code="2">xrootd</subfield>
      <subfield code="u">root://eospublic.cern.ch//eos/opendata/atlas/MasterclassDatasets/WPath/2015/Software/Minerva2015.zip</subfield>
      <subfield code="s">20115639</subfield>
    </datafield>
    <datafield tag="980" ind1=" " ind2=" ">
      <subfield code="a">ATLAS-Tools</subfield>
    </datafield>
    <datafield tag="FFT" ind1=" " ind2=" ">
      <subfield
code="a">/tmp/opendata.cern.ch-fft-file-cache/atlas-eos-file-indexes/ATLAS_MasterclassDatasets_WPath_2015_dataset_Software_file_index.txt</subfield>
      <subfield code="z">ATLAS Masterclass WPath 2015 dataset Software file
index</subfield>
    </datafield>
  </record>
</collection>
